<record><leader>00000cas a22000007a 4500</leader><controlfield tag="001">8800832</controlfield><controlfield tag="008">820923d19141965iduwr ne      0   a0eng  </controlfield><controlfield tag="009">466</controlfield><datafield ind1=" " ind2=" " tag="010"><subfield code="a">sn 82003368 </subfield></datafield><datafield ind1=" " ind2=" " tag="040"><subfield code="a">DLC</subfield><subfield code="b">eng</subfield><subfield code="c">DLC</subfield><subfield code="d">NVB</subfield><subfield code="d">OCLCQ</subfield><subfield code="d">OCLCO</subfield><subfield code="d">OCLCF</subfield></datafield><datafield ind1="1" ind2=" " tag="029"><subfield code="a">AU@</subfield><subfield code="b">000025821010</subfield></datafield><datafield ind1=" " ind2=" " tag="042"><subfield code="a">msc</subfield></datafield><datafield ind1="0" ind2="0" tag="050"><subfield code="a">Newspaper 7566</subfield></datafield><datafield ind1="0" ind2="4" tag="245"><subfield code="a">The Gooding leader.</subfield></datafield><datafield ind1="3" ind2="0" tag="246"><subfield code="a">Gooding leader and Gooding independent</subfield></datafield><datafield ind1=" " ind2=" " tag="260"><subfield code="a">Gooding, Idaho :</subfield><subfield code="b">C.T. Harte</subfield></datafield><datafield ind1=" " ind2=" " tag="300"><subfield code="a">v. :</subfield><subfield code="b">ill. ;</subfield><subfield code="c">61 cm.</subfield></datafield><datafield ind1=" " ind2=" " tag="310"><subfield code="a">Weekly</subfield></datafield><datafield ind1="0" ind2=" " tag="362"><subfield code="a">Vol. 6, no. 23 (June 19, 1914)-v. 57, no. 37 (July 8, 1965).</subfield></datafield><datafield ind1=" " ind2=" " tag="580"><subfield code="a">Absorbed: Gooding independent, Jan. 1940.</subfield></datafield><datafield ind1=" " ind2="0" tag="651"><subfield code="a">Gooding (Idaho)</subfield><subfield code="v">Newspapers.</subfield></datafield><datafield ind1=" " ind2="7" tag="655"><subfield code="a">Newspapers.</subfield><subfield code="2">fast</subfield><subfield code="0">(OCoLC)fst01423814</subfield></datafield><datafield ind1=" " ind2="7" tag="651"><subfield code="a">Idaho</subfield><subfield code="z">Gooding.</subfield><subfield code="2">fast</subfield><subfield code="0">(OCoLC)fst01247690</subfield></datafield><datafield ind1=" " ind2=" " tag="752"><subfield code="a">United States</subfield><subfield code="b">Idaho</subfield><subfield code="c">Gooding</subfield><subfield code="d">Gooding.</subfield></datafield><datafield ind1="0" ind2="0" tag="780"><subfield code="t">Idaho leader (Gooding, Idaho)</subfield><subfield code="w">(DLC)sn 89055234</subfield></datafield><datafield ind1="0" ind2="5" tag="780"><subfield code="t">Gooding independent</subfield><subfield code="w">(DLC)sn 89055236</subfield></datafield><datafield ind1="0" ind2="0" tag="785"><subfield code="t">Gooding County leader</subfield><subfield code="w">(DLC)sn 89055235</subfield></datafield></record>